@misc{CHR2023,
  title        = {County Health Rankings \& Roadmaps: 2023 Ranked Measure Data},
  author       = {{County Health Rankings \& Roadmaps}},
  year         = {2023},
  note         = {County-level indicators including adult obesity and physical inactivity; analysis uses the Ranked Measure Data sheet},
  url          = {https://www.countyhealthrankings.org/}
}

@manual{R-base,
  title        = {R: A Language and Environment for Statistical Computing},
  author       = {{R Core Team}},
  organization = {R Foundation for Statistical Computing},
  address      = {Vienna, Austria},
  year         = {2024},
  url          = {https://www.r-project.org/}
}

@manual{readr,
  title        = {readr: Read Rectangular Text Data},
  author       = {Hadley Wickham and Jim Hester and posit team},
  year         = {2024},
  note         = {R package version 2.x},
  url          = {https://readr.tidyverse.org/}
}

@manual{dplyr,
  title        = {dplyr: A Grammar of Data Manipulation},
  author       = {Hadley Wickham and Romain François and Lionel Henry and Kirill Müller and Davis Vaughan and Posit Software, PBC},
  year         = {2024},
  note         = {R package version 1.x},
  url          = {https://dplyr.tidyverse.org/}
}

@book{ggplot2-book,
  title     = {ggplot2: Elegant Graphics for Data Analysis},
  author    = {Hadley Wickham},
  year      = {2016},
  publisher = {Springer},
  address   = {New York},
  isbn      = {978-3-319-24277-4}
}

@manual{ggplot2,
  title        = {ggplot2: Create Elegant Data Visualisations Using the Grammar of Graphics},
  author       = {Hadley Wickham and Winston Chang and Lionel Henry and Thomas Lin Pedersen and Kohske Takahashi and Claus Wilke and Kara Woo and Hiroaki Yutani and Dewey Dunnington and Posit Software, PBC},
  year         = {2024},
  note         = {R package version 3.x},
  url          = {https://ggplot2.tidyverse.org/}
}

@manual{broom,
  title        = {broom: Convert Statistical Objects into Tidy Tibbles},
  author       = {David Robinson and Alex Hayes and Simon Couch},
  year         = {2024},
  note         = {R package version 1.x},
  url          = {https://broom.tidymodels.org/}
}
